@misc{PrimsAlgo,
    author = "{Wikipedia contributors}",
    title = "Prim's algorithm --- {Wikipedia}{,} The Free Encyclopedia",
    year = "2019",
    url = "https://en.wikipedia.org/w/index.php?title=Prim%27s_algorithm&oldid=932353426",
    note = "[Online; accessed 10-March-2020]"
  }

@book{IntroToAlgo, 
      place={Cambridge (Massachusetts)}, 
      title={Introduction to Algorithms}, 
      publisher={MIT Press}, 
      author={Cormen, Thomas H. and Leiserson, Charles E. and Rivest, Ronald L. and Stein, Clifford}, 
      year={2007}
}

@misc{KruskalsAlgo,
    author = "{Wikipedia contributors}",
    title = "Kruskal's algorithm --- {Wikipedia}{,} The Free Encyclopedia",
    year = "2020",
    url = "https://en.wikipedia.org/w/index.php?title=Kruskal%27s_algorithm&oldid=942354418",
    note = "[Online; accessed 10-March-2020]"
  }

@misc{BoruvkasAlgo,
    author = "{Wikipedia contributors}",
    title = "Borůvka's algorithm --- {Wikipedia}{,} The Free Encyclopedia",
    year = "2019",
    url = "https://en.wikipedia.org/w/index.php?title=Bor%C5%AFvka%27s_algorithm&oldid=931169317",
    note = "[Online; accessed 10-March-2020]"
  }
@misc{7Bridges,
   	author = "{Wikipedia contributors}",
        title = "Seven Bridges of Königsberg --- {Wikipedia}{,} The Free Encyclopedia",
	year = "2020",
	url = "https://en.wikipedia.org/w/index.php?title=Seven_Bridges_of_K%C3%B6nigsberg&oldid=950369055",
	note = "[Online; accessed 18-April-2020]"
	}

@misc{Ore'sTheorem,
      	author = "{Wikipedia contributors}",
        title = "Ore's theorem --- {Wikipedia}{,} The Free Encyclopedia",
	year = "2020",
	url = "https://en.wikipedia.org/w/index.php?title=Ore%27s_theorem&oldid=950226114",
	note = "[Online; accessed 18-April-2020]"
	}

 @misc{EulerianAlgos,
       	author = "{Wikipedia contributors}",
        title = "Eulerian path --- {Wikipedia}{,} The Free Encyclopedia",
	year = "2020",
	url = "https://en.wikipedia.org/w/index.php?title=Eulerian_path&oldid=950385507",
	note = "[Online; accessed 18-April-2020 ]"
	 }

