@phylo{
	kennedy_2005, 
	title={Strictly Chordal Graphs and Phylogenetic Roots}, 
	url={http://webdocs.cs.ualberta.ca/~hayward/theses/sean.pdf}, 
	journal={Strictly Chordal Graphs and Phylogenetic Roots}, 
	school={University of Alberta}, 
	author={Kennedy, William}, 
	year={2005}}

@ssa{
	hack_2007,
	title={Register Allocation for Programs in SSA Form},
	url={http://digbib.ubka.uni-karlsruhe.de/volltexte/documents/6532},
	journal={Register Allocation for Programs in SSA Form},
	school={Universit채t Karlsruhe Fakult채t f체r Informatik},
	author={Hack, Sebastian},
	year={2007}}

@chordal{
	pereira_palsberg, 
	title={Register Allocation via Coloring of Chordal Graphs}, 
	url={http://web.cs.ucla.edu/~palsberg/paper/aplas05.pdf}, 
	journal={Register Allocation via Coloring of Chordal Graphs}, 
	school={UCLA Computer Science Department}, 
	author={Pereira, Fernando Magno Quint찾o and Palsberg, Jens}} 

